<?xml version="1.0" encoding="UTF-8"?><collection xmlns="http://www.loc.gov/MARC21/slim"><record><leader>00493nam--2200121-i-4500</leader><controlfield tag="001">000009184</controlfield><controlfield tag="002">20161230</controlfield><controlfield tag="005">20161230201028</controlfield><controlfield tag="008">060222s1000------------r-----000-0-eng-d</controlfield><datafield ind1=" " ind2=" " tag="080"><subfield code="a">681.3:621.039.5</subfield></datafield><datafield ind1=" " ind2=" " tag="245"><subfield code="a">Application of on-line computers to nuclear reactors. emploi des calculateurs couples aux reaacteurs nucleaires. organised by the euro- pean nuclear energy agency... sandefjord norway, 2nd-6th september 1968</subfield></datafield><datafield ind1=" " ind2=" " tag="260"><subfield code="a">Paris, European Nuclear Energy Agency, 1969 903 P</subfield></datafield><datafield ind1=" " ind2=" " tag="852"><subfield code="a">32195</subfield></datafield></record></collection>